@article{jcp:1974:vanleer,
        author = "Van Leer, B.",
        TITLE = "Towards the Ultimate Conservation Scheme II. Monotonicity and Conservation Combined in a Second-Order Scheme",
        journal = "Journal of Computational Physics",
		  year = 1974,
        volume = 14,
        pages = "361--370"
        }
@article{jcp:1981:steger,
        author = "Steger, J. L. AND Warming, R. F.",
        TITLE = "Flux Vector Splitting of the Inviscid Gasdynamics Equations with Application to Finite Difference Methods",
        journal = "Journal of Computational Physics",
        volume = 40,
        pages = "263--293",
        year = 1981
        }
@article{aiaa:1986:anderson,
        author = "Anderson, W. K. AND Thomas, J. L. AND Van Leer, B.",
        TITLE = "Comparison of Finite Volume Flux Vector Splittings for the Euler Equations",
        journal = "AIAA Journal",
		year = 1986,
        volume = 24,
        pages = "1453--1460"
        }
@article{sjna:1984:sweby,
        author = "Sweby, P.K.",
        TITLE = "High Resolution Schemes Using Flux Limiters for Hyperbolic Conservation Laws",
        journal = "SIAM Journal of Numerical Analysis",
		year = 1984,
        volume = 21,
		number = 5,
        pages = "995--1011"
        }
@article{jcp:1981:roe,
        author = "Roe, P. L.",
        TITLE = "Approximate Riemann Solvers, Parameter Vectors,
                 and Difference Schemes",
        journal = "Journal of Computational Physics",
        volume = 43,
        pages = "357--372",
        year = 1981
        }
@article{arfm:1986:roe,
        author = "Roe, P.L.",
        TITLE = "Characteristic-Based Schemes for the Euler Equations",
        journal = "Annual Review of Fluid Mechanics",
		year = 1986,
        volume = 18,
        pages = "337--365"
        }
@article{jcp:1987:harten,
        author = "Harten, A. AND Engquist, B. AND Osher, S. AND Chakravarthy, S. R.",
        TITLE = "Uniformly High Order Accurate Essentially Non-oscillatory Schemes, III",
        journal = "Journal of Computational Physics",
        volume = 71,
        pages = "231--303",
        year = 1987
        }
@article{jcp:1994:liu,
        author = "Liu, X.-D. AND Osher, S. AND Chan, T.",
        TITLE = "Weighted Essentially Non-Oscillatory Schemes",
        journal = "Journal of Computational Physics",
        volume = 115,
        pages = "200--212",
        year = 1994
        }


