
@article{jcp:1994:liu,
        author = "Liu, X.-D. AND Osher, S. AND Chan, T.",
        TITLE = "Weighted Essentially Non-Oscillatory Schemes",
        journal = "Journal of Computational Physics",
        volume = 115,
        pages = "200--212",
        year = 1994
        }
@article{jcp:1981:roe,
        author = "Roe, P. L.",
        TITLE = "Approximate Riemann Solvers, Parameter Vectors,
                 and Difference Schemes",
        journal = "Journal of Computational Physics",
        volume = 43,
        pages = "357--372",
        year = 1981
        }



